@article{
  author                   = {Gleixner, Ambros and Hendel, Gregor and Gamrath, Gerald and Achterberg, Tobias and Bastubbe, Michael and Berthold, Timo and Christophel, Philipp M. and Jarck, Kati and Koch, Thorsten and Linderoth, Jeff and L\"ubbecke, Marco and Mittelmann, Hans D. and Ozyurt, Derya and Ralphs, Ted K. and Salvagnin, Domenico and Shinano, Yuji},
  title                    = {{MIPLIB 2017: Data-Driven Compilation of the 6th Mixed-Integer Programming Library}},
  journal                  = {Mathematical Programming Computation},
  year                     = {2021},
  doi                      = {10.1007/s12532-020-00194-3},
  url                      = {https://doi.org/10.1007/s12532-020-00194-3}
}
